@article{cox:regr:1972, 
    author = {Cox, D. R.},
    title = {Regression Models and Life-tables 
(with Discussion)},
    year = {1972},
    journal = {Journal of the Royal Statistical 
Society, Series B: Methodological},
    volume = {34},
    pages = {187--220}
}

@article{gope:swan:1990, 
    author = {Gopen, G.D. and Swan, J.A.},
    title = {The Science of Scientific Writing},
    year = {1990},
    journal = {American Scientist},
    volume = {78},
    pages = {550--558}
}

@book{high:hand:1993,
    author = {Higham, Nicholas J.},
    title = {Handbook of Writing for the Mathematical Sciences},
    year = {1993},
    pages = {241},
    publisher = {SIAM [Society for Industrial and Applied Mathematics]},
    isbn = {0-89871-314-5},
    CISid = {151932}
}

@article{Ehre:writ:1982,
    author = {Ehrenberg, A. S. C.},
    title = {Writing Technical Papers or Reports},
    year = {1982},
    journal = {The American Statistician},
    volume = {36},
    pages = {326--329},
    CISid = {54951}
}

@article{halm:1970,
    author = {Halmos, P.R.},
    title = {How To Write Mathematics},
    year = {1970},
    journal = {L'Enseignment Mathematique},
    volume = {16},
    pages = {123--152}
}

@article{rice:2008,
    author = {Rice, Kenneth},
    title = {Equivalence {B}etween {C}onditional and {R}andom-{E}ffects {L}ikelihoods for {P}air-{M}atched {C}ase-{C}ontrol {S}tudies},
    year = {2008},
    journal = {Journal of the American Statistical Association},
    volume = {103},
    number = {481},
    pages = {385--396},
    keywords = {Conditional likelihood; genetic risk factor; matched case-control study; Misclassification; Mixture model},
    CISid = {285615}
}


