@article{kim2009ell_1,
  title={$\ell_1$ Trend Filtering},
  author={Kim, Seung-Jean and Koh, Kwangmoo and Boyd, Stephen and Gorinevsky, Dimitry},
  journal={SIAM review},
  volume={51},
  number={2},
  pages={339--360},
  year={2009},
  publisher={SIAM}
}

@article{cox:regr:1972, 
    author = {Cox, D. R.},
    title = {Regression Models and Life-tables 
(with Discussion)},
    year = {1972},
    journal = {Journal of the Royal Statistical 
Society, Series B: Methodological},
    volume = {34},
    pages = {187--220}
}

@article{gope:swan:1990, 
    author = {Gopen, G.D. and Swan, J.A.},
    title = {The Science of Scientific Writing},
    year = {1990},
    journal = {American Scientist},
    volume = {78},
    pages = {550--558}
}

@book{high:hand:1993,
    author = {Higham, Nicholas J.},
    title = {Handbook of Writing for the Mathematical Sciences},
    year = {1993},
    pages = {241},
    publisher = {SIAM [Society for Industrial and Applied Mathematics]},
    isbn = {0-89871-314-5},
    CISid = {151932}
}

@article{Ehre:writ:1982,
    author = {Ehrenberg, A. S. C.},
    title = {Writing Technical Papers or Reports},
    year = {1982},
    journal = {The American Statistician},
    volume = {36},
    pages = {326--329},
    CISid = {54951}
}

@article{halm:1970,
    author = {Halmos, P.R.},
    title = {How To Write Mathematics},
    year = {1970},
    journal = {L'Enseignment Mathematique},
    volume = {16},
    pages = {123--152}
}

@article{rice:2008,
    author = {Rice, Kenneth},
    title = {Equivalence {B}etween {C}onditional and {R}andom-{E}ffects {L}ikelihoods for {P}air-{M}atched {C}ase-{C}ontrol {S}tudies},
    year = {2008},
    journal = {Journal of the American Statistical Association},
    volume = {103},
    number = {481},
    pages = {385--396},
    keywords = {Conditional likelihood; genetic risk factor; matched case-control study; Misclassification; Mixture model},
    CISid = {285615}
}

@article{steidl2006splines,
  title={Splines in higher order TV regularization},
  author={Steidl, Gabriele and Didas, Stephan and Neumann, Julia},
  journal={International Journal of Computer Vision},
  volume={70},
  number={3},
  pages={241--255},
  year={2006},
  publisher={Springer}
}

@article{tibshirani2014adaptive,
  title={Adaptive piecewise polynomial estimation via trend filtering},
  author={Tibshirani, Ryan J and others},
  journal={The Annals of Statistics},
  volume={42},
  number={1},
  pages={285--323},
  year={2014},
  publisher={Institute of Mathematical Statistics}
}

@article{hodrick1997postwar,
  title={Postwar US business cycles: an empirical investigation},
  author={Hodrick, Robert J and Prescott, Edward C},
  journal={Journal of Money, credit, and Banking},
  pages={1--16},
  year={1997},
  publisher={JSTOR}
}

@article{kovacs2008application,
  title={Application of the Trend Filtering Algorithm in the search for multiperiodic signals},
  author={Kovacs, G{\'e}za and Bakos, GA},
  journal={arXiv preprint arXiv:0812.2824},
  year={2008}
}

@inproceedings{saha2012learning,
  title={Learning evolving and emerging topics in social media: a dynamic nmf approach with temporal regularization},
  author={Saha, Ankan and Sindhwani, Vikas},
  booktitle={Proceedings of the fifth ACM international conference on Web search and data mining},
  pages={693--702},
  year={2012},
  organization={ACM}
}

@book{tsay2005analysis,
  title={Analysis of financial time series},
  author={Tsay, Ruey S},
  volume={543},
  year={2005},
  publisher={John Wiley \& Sons}
}

@article{levitt2004understanding,
  title={Understanding why crime fell in the 1990s: Four factors that explain the decline and six that do not},
  author={Levitt, Steven D},
  journal={The Journal of Economic Perspectives},
  volume={18},
  number={1},
  pages={163--190},
  year={2004},
  publisher={American Economic Association}
}

@article{greenland1992methods,
  title={Methods for trend estimation from summarized dose-response data, with applications to meta-analysis},
  author={Greenland, Sander and Longnecker, Matthew P},
  journal={American journal of epidemiology},
  volume={135},
  number={11},
  pages={1301--1309},
  year={1992},
  publisher={Oxford Univ Press}
}

@article{link1994estimating,
  title={Estimating equations estimates of trends},
  author={Link, WILLIAM A and Sauer, JOHN R},
  journal={Bird Populations},
  volume={2},
  pages={23--32},
  year={1994}
}

@article{leser1961simple,
  title={A simple method of trend construction},
  author={Leser, CEV},
  journal={Journal of the Royal Statistical Society. Series B (Methodological)},
  pages={91--107},
  year={1961},
  publisher={JSTOR}
}

@article{kendall1946advanced,
  title={The advanced theory of statistics.},
  author={Kendall, Maurice George and others},
  journal={The advanced theory of statistics.},
  number={2nd Ed},
  year={1946},
  publisher={Charles Griffin and Co., Ltd., London}
}

@article{lucas1980two,
  title={Two illustrations of the quantity theory of money},
  author={Lucas, Robert E},
  journal={The American Economic Review},
  volume={70},
  number={5},
  pages={1005--1014},
  year={1980},
  publisher={JSTOR}
}

@book{de1978practical,
  title={A practical guide to splines},
  author={De Boor, Carl and De Boor, Carl and Math{\'e}maticien, Etats-Unis and De Boor, Carl and De Boor, Carl},
  volume={27},
  year={1978},
  publisher={Springer-Verlag New York}
}

@book{wahba1990spline,
  title={Spline models for observational data},
  author={Wahba, Grace},
  year={1990},
  publisher={SIAM}
}

@book{green1993nonparametric,
  title={Nonparametric regression and generalized linear models: a roughness penalty approach},
  author={Green, Peter J and Silverman, Bernard W},
  year={1993},
  publisher={CRC Press}
}

@article{rudin1992nonlinear,
  title={Nonlinear total variation based noise removal algorithms},
  author={Rudin, Leonid I and Osher, Stanley and Fatemi, Emad},
  journal={Physica D: Nonlinear Phenomena},
  volume={60},
  number={1-4},
  pages={259--268},
  year={1992},
  publisher={Elsevier}
}

@article{harchaoui2010multiple,
  title={Multiple change-point estimation with a total variation penalty},
  author={Harchaoui, Za{\i}d and L{\'e}vy-Leduc, C{\'e}line},
  journal={Journal of the American Statistical Association},
  volume={105},
  number={492},
  pages={1480--1493},
  year={2010},
  publisher={Taylor \& Francis}
}

@article{tibshirani2005sparsity,
  title={Sparsity and smoothness via the fused lasso},
  author={Tibshirani, Robert and Saunders, Michael and Rosset, Saharon and Zhu, Ji and Knight, Keith},
  journal={Journal of the Royal Statistical Society: Series B (Statistical Methodology)},
  volume={67},
  number={1},
  pages={91--108},
  year={2005},
  publisher={Wiley Online Library}
}

@article{mammen1997locally,
  title={Locally adaptive regression splines},
  author={Mammen, Enno and van de Geer, Sara and others},
  journal={The Annals of Statistics},
  volume={25},
  number={1},
  pages={387--413},
  year={1997},
  publisher={Institute of Mathematical Statistics}
}

@article{tibshirani1996regression,
  title={Regression shrinkage and selection via the lasso},
  author={Tibshirani, Robert},
  journal={Journal of the Royal Statistical Society. Series B (Methodological)},
  pages={267--288},
  year={1996},
  publisher={JSTOR}
}

@book{loader2006local,
  title={Local regression and likelihood},
  author={Loader, Clive},
  year={2006},
  publisher={Springer Science \& Business Media}
}

@book{friedman2001elements,
  title={The elements of statistical learning},
  author={Friedman, Jerome and Hastie, Trevor and Tibshirani, Robert},
  volume={1},
  year={2001},
  publisher={Springer series in statistics Springer, Berlin}
}

@article{donoho1994ideal,
  title={Ideal spatial adaptation by wavelet shrinkage},
  author={Donoho, David L and Johnstone, Iain M},
  journal={biometrika},
  pages={425--455},
  year={1994},
  publisher={JSTOR}
}

@book{chui2016introduction,
  title={An introduction to wavelets},
  author={Chui, Charles K},
  year={2016},
  publisher={Elsevier}
}

@article{nussbaum1985spline,
  title={Spline smoothing in regression models and asymptotic efficiency in $ L\_2$},
  author={Nussbaum, Michael and others},
  journal={The Annals of Statistics},
  volume={13},
  number={3},
  pages={984--997},
  year={1985},
  publisher={Institute of Mathematical Statistics}
}

@article{donoho1998minimax,
  title={Minimax estimation via wavelet shrinkage},
  author={Donoho, David L and Johnstone, Iain M and others},
  journal={The annals of Statistics},
  volume={26},
  number={3},
  pages={879--921},
  year={1998},
  publisher={Institute of Mathematical Statistics}
}

@article{hoerl1970ridge,
  title={Ridge regression: Biased estimation for nonorthogonal problems},
  author={Hoerl, Arthur E and Kennard, Robert W},
  journal={Technometrics},
  volume={12},
  number={1},
  pages={55--67},
  year={1970},
  publisher={Taylor \& Francis Group}
}

@article{wang2016trend,
  title={Trend filtering on graphs},
  author={Wang, Yu-Xiang and Sharpnack, James and Smola, Alex and Tibshirani, Ryan J},
  journal={Journal of Machine Learning Research},
  volume={17},
  number={105},
  pages={1--41},
  year={2016}
}

@article{ramdas2016fast,
  title={Fast and flexible admm algorithms for trend filtering},
  author={Ramdas, Aaditya and Tibshirani, Ryan J},
  journal={Journal of Computational and Graphical Statistics},
  volume={25},
  number={3},
  pages={839--858},
  year={2016},
  publisher={Taylor \& Francis}
}

@inproceedings{wang2014falling,
  title={The falling factorial basis and its statistical applications},
  author={Wang, Yu-Xiang and Smola, Alex and Tibshirani, Ryan},
  booktitle={Proceedings of the 31st International Conference on Machine Learning (ICML-14)},
  pages={730--738},
  year={2014}
}

@article{petersen2014fused,
  title={Fused Lasso Additive Model},
  author={Petersen, Ashley and Witten, Daniela and Simon, Noah},
  journal={arXiv preprint arXiv:1409.5391},
  year={2014}
}

@article{sadhanala2017additive,
  title={Additive Models with Trend Filtering},
  author={Sadhanala, Veeranjaneyulu and Tibshirani, Ryan J},
  journal={arXiv preprint arXiv:1702.05037},
  year={2017}
}

@article{maidstone2017detecting,
  title={Detecting changes in slope with an $ L\_0 $ penalty},
  author={Maidstone, Robert and Fearnhead, Paul and Letchford, Adam},
  journal={arXiv preprint arXiv:1701.01672},
  year={2017}
}

@book{tibshirani2011solution,
  title={The solution path of the generalized lasso},
  author={Tibshirani, Ryan Joseph and Taylor, Jonathan E and Candes, Emmanuel Jean and Hastie, Trevor},
  year={2011},
  publisher={Stanford University}
}

@book{smola1998learning,
  title={Learning with kernels},
  author={Smola, Alex J and Sch{\"o}lkopf, Bernhard},
  year={1998},
  publisher={Citeseer}
}

@book{wahba1990spline,
  title={Spline models for observational data},
  author={Wahba, Grace},
  year={1990},
  publisher={SIAM}
}

@article{shen1994convergence,
  title={Convergence rate of sieve estimates},
  author={Shen, Xiaotong and Wong, Wing Hung},
  journal={The Annals of Statistics},
  pages={580--615},
  year={1994},
  publisher={JSTOR}
}

@article{wong1995probability,
  title={Probability inequalities for likelihood ratios and convergence rates of sieve MLEs},
  author={Wong, Wing Hung and Shen, Xiaotong},
  journal={The Annals of Statistics},
  pages={339--362},
  year={1995},
  publisher={JSTOR}
}

@article{efron1986biased,
  title={How biased is the apparent error rate of a prediction rule?},
  author={Efron, Bradley},
  journal={Journal of the American statistical Association},
  volume={81},
  number={394},
  pages={461--470},
  year={1986},
  publisher={Taylor \& Francis}
}

@misc{wasserman2007all,
  title={All of Nonparametric Statistics, 268 pp},
  author={Wasserman, L},
  year={2007},
  publisher={Springer, New York}
}

@article{johnstone2011gaussian,
  title={Gaussian estimation: Sequence and wavelet models},
  author={Johnstone, Iain M},
  journal={Manuscript, December},
  year={2011}
}

@book{mallat2008wavelet,
  title={A wavelet tour of signal processing: the sparse way},
  author={Mallat, Stephane},
  year={2008},
  publisher={Academic press}
}

@book{gyorfi2006distribution,
  title={A distribution-free theory of nonparametric regression},
  author={Gy{\"o}rfi, L{\'a}szl{\'o} and Kohler, Michael and Krzyzak, Adam and Walk, Harro},
  year={2006},
  publisher={Springer Science \& Business Media}
}

@article{efron2004least,
  title={Least angle regression},
  author={Efron, Bradley and Hastie, Trevor and Johnstone, Iain and Tibshirani, Robert and others},
  journal={The Annals of statistics},
  volume={32},
  number={2},
  pages={407--499},
  year={2004},
  publisher={Institute of Mathematical Statistics}
}

@article{anselone1968general,
  title={A general method for the construction of interpolating or smoothing spline-functions},
  author={Anselone, Philip M and Laurent, Pierre Jean},
  journal={Numerische Mathematik},
  volume={12},
  number={1},
  pages={66--82},
  year={1968},
  publisher={Springer}
}

@article{demmler1975oscillation,
  title={Oscillation matrices with spline smoothing},
  author={Demmler, A and Reinsch, C},
  journal={Numerische Mathematik},
  volume={24},
  number={5},
  pages={375--382},
  year={1975},
  publisher={Springer}
}

@article{tibshirani2013lasso,
  title={The lasso problem and uniqueness},
  author={Tibshirani, Ryan J and others},
  journal={Electronic Journal of Statistics},
  volume={7},
  pages={1456--1490},
  year={2013},
  publisher={The Institute of Mathematical Statistics and the Bernoulli Society}
}

@article{cohen1993wavelets,
  title={Wavelets on the interval and fast wavelet transforms},
  author={Cohen, Albert and Daubechies, Ingrid and Vial, Pierre},
  journal={Applied and computational harmonic analysis},
  volume={1},
  number={1},
  pages={54--81},
  year={1993},
  publisher={Elsevier}
}
